@article{TR-IITB-Divyesh,
  title={Precise Abstract Interpretation},
  author={Unadkat, Divyesh},
  journal={Technical Report, Indian Institute of Technology Bombay},
	address = {Mumbai, India},
  year={2015},
  publisher={IIT B}
}

@inproceedings{wste,
  author    = {Supratik Chakraborty and
               Zurab Khasidashvili and
               Carl{-}Johan H. Seger and
               Rajkumar Gajavelly and
               Tanmay Haldankar and
               Dinesh Chhatani and
               Rakesh Mistry},
  title     = {Word-Level Symbolic Trajectory Evaluation},
  booktitle = {Computer Aided Verification - 27th International Conference, {CAV}
               2015, San Francisco, CA, USA, July 18-24, 2015, Proceedings, Part
               {II}},
  pages     = {128--143},
  year      = {2015},
  url       = {http://dx.doi.org/10.1007/978-3-319-21668-3_8},
  doi       = {10.1007/978-3-319-21668-3_8},
  timestamp = {Mon, 20 Jul 2015 11:19:16 +0200},
  biburl    = {http://dblp.uni-trier.de/rec/bib/conf/cav/ChakrabortyKSGH15},
  bibsource = {dblp computer science bibliography, http://dblp.org}
}

@incollection{zthree,
year={2008},
isbn={978-3-540-78799-0},
booktitle={Tools and Algorithms for the Construction and Analysis of Systems},
volume={4963},
series={Lecture Notes in Computer Science},
editor={Ramakrishnan, C.R. and Rehof, Jakob},
doi={10.1007/978-3-540-78800-3_24},
title={Z3: An Efficient SMT Solver},
url={http://dx.doi.org/10.1007/978-3-540-78800-3_24},
publisher={Springer Berlin Heidelberg},
author={de Moura, Leonardo and Bj√∏rner, Nikolaj},
pages={337-340}
}

@inproceedings{boolector,
  author    = {Robert Brummayer and
               Armin Biere},
  title     = {Boolector: An Efficient {SMT} Solver for Bit-Vectors and Arrays},
  booktitle = {Tools and Algorithms for the Construction and Analysis of Systems,
               15th International Conference, {TACAS} 2009, Held as Part of the Joint
               European Conferences on Theory and Practice of Software, {ETAPS} 2009,
               York, UK, March 22-29, 2009. Proceedings},
  pages     = {174--177},
  year      = {2009},
  url       = {http://dx.doi.org/10.1007/978-3-642-00768-2_16},
  doi       = {10.1007/978-3-642-00768-2_16},
  timestamp = {Sun, 29 Mar 2009 16:50:16 +0200},
  biburl    = {http://dblp.uni-trier.de/rec/bib/conf/tacas/BrummayerB09},
  bibsource = {dblp computer science bibliography, http://dblp.org}
}

@inproceedings{cvcfour,
  author    = {Clark Barrett and
               Christopher L. Conway and
               Morgan Deters and
               Liana Hadarean and
               Dejan Jovanovic and
               Tim King and
               Andrew Reynolds and
               Cesare Tinelli},
  title     = {{CVC4}},
  booktitle = {Computer Aided Verification - 23rd International Conference, {CAV}
               2011, Snowbird, UT, USA, July 14-20, 2011. Proceedings},
  pages     = {171--177},
  year      = {2011},
  url       = {http://dx.doi.org/10.1007/978-3-642-22110-1_14},
  doi       = {10.1007/978-3-642-22110-1_14},
  timestamp = {Sat, 17 May 2014 20:54:48 +0200},
  biburl    = {http://dblp.uni-trier.de/rec/bib/conf/cav/BarrettCDHJKRT11},
  bibsource = {dblp computer science bibliography, http://dblp.org}
}

@article{cdcl1,
  author    = {Jo{\~{a}}o P. Marques Silva and
               Karem A. Sakallah},
  title     = {{GRASP:} {A} Search Algorithm for Propositional Satisfiability},
  journal   = {{IEEE} Trans. Computers},
  volume    = {48},
  number    = {5},
  pages     = {506--521},
  year      = {1999},
  url       = {http://dx.doi.org/10.1109/12.769433},
  doi       = {10.1109/12.769433},
  timestamp = {Tue, 22 Dec 2015 15:14:11 +0100},
  biburl    = {http://dblp.uni-trier.de/rec/bib/journals/tc/Marques-SilvaS99},
  bibsource = {dblp computer science bibliography, http://dblp.org}
}

@inproceedings{cdcl2,
  author    = {Roberto J. Bayardo Jr. and
               Robert Schrag},
  title     = {Using {CSP} Look-Back Techniques to Solve Real-World {SAT} Instances},
  booktitle = {Proceedings of the Fourteenth National Conference on Artificial Intelligence
               and Ninth Innovative Applications of Artificial Intelligence Conference,
               {AAAI} 97, {IAAI} 97, July 27-31, 1997, Providence, Rhode Island.},
  pages     = {203--208},
  year      = {1997},
  url       = {http://www.aaai.org/Library/AAAI/1997/aaai97-032.php},
  timestamp = {Tue, 11 Dec 2012 12:57:22 +0100},
  biburl    = {http://dblp.uni-trier.de/rec/bib/conf/aaai/BayardoS97},
  bibsource = {dblp computer science bibliography, http://dblp.org}
}


@inproceedings{invgen,
  title={Invgen: An efficient invariant generator},
  author={Gupta, Ashutosh and Rybalchenko, Andrey},
  booktitle={Proceedings of the 21th International Conference on Computer Aided Verification},
  year={2009}
}

@incollection{booster,
  title={Booster: an acceleration-based verification framework for array programs},
  author={Alberti, Francesco and Ghilardi, Silvio and Sharygina, Natasha},
  booktitle={Automated Technology for Verification and Analysis},
  pages={18--23},
  year={2014},
  publisher={Springer}
}

@incollection{cbmc,
  title={A tool for checking ANSI-C programs},
  author={Clarke, Edmund and Kroening, Daniel and Lerda, Flavio},
  booktitle={Tools and Algorithms for the Construction and Analysis of Systems},
  pages={168--176},
  year={2004},
  publisher={Springer}
}

@article{wallace,
  author    = {Christopher S. Wallace},
  title     = {A Suggestion for a Fast Multiplier},
  journal   = {{IEEE} Trans. Electronic Computers},
  volume    = {13},
  number    = {1},
  pages     = {14--17},
  year      = {1964},
  url       = {http://dx.doi.org/10.1109/PGEC.1964.263830},
  doi       = {10.1109/PGEC.1964.263830},
  timestamp = {Thu, 02 Jun 2016 20:46:23 +0200},
  biburl    = {http://dblp.uni-trier.de/rec/bib/journals/tc/Wallace64},
  bibsource = {dblp computer science bibliography, http://dblp.org}
}


@inproceedings{crv,
 author = {Kitchen, Nathan and Kuehlmann, Andreas},
 title = {Stimulus Generation for Constrained Random Simulation},
 booktitle = {Proceedings of the 2007 IEEE/ACM International Conference on Computer-aided Design},
 series = {ICCAD '07},
 year = {2007},
 isbn = {1-4244-1382-6},
 location = {San Jose, California},
 pages = {258--265},
 numpages = {8},
 url = {http://dl.acm.org/citation.cfm?id=1326073.1326127},
 acmid = {1326127},
 publisher = {IEEE Press},
 address = {Piscataway, NJ, USA},
} 
